@article{azizzadenesheli2019regularized,
  title={Regularized learning for domain adaptation under label shifts},
  author={Azizzadenesheli, Kamyar and Liu, Anqi and Yang, Fanny and Anandkumar, Animashree},
  journal={arXiv preprint arXiv:1903.09734},
  year={2019}
}

@article{bommasani2021opportunities,
  title={On the opportunities and risks of foundation models},
  author={Bommasani, Rishi and Hudson, Drew A and Adeli, Ehsan and Altman, Russ and Arora, Simran and von Arx, Sydney and Bernstein, Michael S and Bohg, Jeannette and Bosselut, Antoine and Brunskill, Emma and others},
  journal={arXiv preprint arXiv:2108.07258},
  year={2021}
}

@inproceedings{jia2022visual,
  title={Visual prompt tuning},
  author={Jia, Menglin and Tang, Luming and Chen, Bor-Chun and Cardie, Claire and Belongie, Serge and Hariharan, Bharath and Lim, Ser-Nam},
  booktitle={Computer Vision--ECCV 2022: 17th European Conference, Tel Aviv, Israel, October 23--27, 2022, Proceedings, Part XXXIII},
  pages={709--727},
  year={2022},
  organization={Springer}
}

@inproceedings{cha2022domain,
  title={Domain generalization by mutual-information regularization with pre-trained models},
  author={Cha, Junbum and Lee, Kyungjae and Park, Sungrae and Chun, Sanghyuk},
  booktitle={Computer Vision--ECCV 2022: 17th European Conference, Tel Aviv, Israel, October 23--27, 2022, Proceedings, Part XXIII},
  pages={440--457},
  year={2022},
  organization={Springer}
}

@article{wenzel2022assaying,
  title={Assaying out-of-distribution generalization in transfer learning},
  author={Wenzel, Florian and Dittadi, Andrea and Gehler, Peter Vincent and Simon-Gabriel, Carl-Johann and Horn, Max and Zietlow, Dominik and Kernert, David and Russell, Chris and Brox, Thomas and Schiele, Bernt and others},
  journal={arXiv preprint arXiv:2207.09239},
  year={2022}
}